@article{shwartz2017opening,
  title={Opening the Black Box of Deep Neural Networks via Information},
  author={Shwartz-Ziv, Ravid and Tishby, Naftali},
  journal={arXiv preprint arXiv:1703.00810},
  year={2017}
}

@article{alemi2017deep,
  title={Deep Variational Information Bottleneck},
  author={Alemi, Alex and Fischer, Ian and Dillon, Josh and Murphy, Kevin},
  year={2017}
}

@article{ver2000non,
  title={Non-parametric entropy estimation toolbox (npeet)},
  author={Ver Steeg, Greg},
  year={2000}
}

@article{esteva2017dermatologist,
  title={Dermatologist-level classification of skin cancer with deep neural networks},
  author={Esteva, Andre and Kuprel, Brett and Novoa, Roberto A and Ko, Justin and Swetter, Susan M and Blau, Helen M and Thrun, Sebastian},
  journal={Nature},
  volume={542},
  number={7639},
  pages={115--118},
  year={2017},
  publisher={Nature Research}
}

@ONLINE {mygithub,
    author = "Bogdan Kirillov",
    title  = "Numerical experiments for the report",
    url    = "https://github.com/bakirillov/GM_Skoltech"
}

@ONLINE {idnns,
    author = "Ravid Schwarz-Ziv",
    title  = "IDNNs",
    url    = "https://github.com/ravidziv/IDNNs"
}

@article{alemi2016deep,
  title={Deep Variational Information Bottleneck},
  author={Alemi, Alexander A and Fischer, Ian and Dillon, Joshua V and Murphy, Kevin},
  journal={arXiv preprint arXiv:1612.00410},
  year={2016}
}

@article{kingma2014adam,
  title={Adam: A method for stochastic optimization},
  author={Kingma, Diederik and Ba, Jimmy},
  journal={arXiv preprint arXiv:1412.6980},
  year={2014}
}

@inproceedings{lu2015surpassing,
  title={Surpassing Human-Level Face Verification Performance on LFW with GaussianFace.},
  author={Lu, Chaochao and Tang, Xiaoou},
  booktitle={AAAI},
  pages={3811--3819},
  year={2015}
}

@article{lecun1998mnist,
  title={The MNIST database of handwritten digits},
  author={LeCun, Yann},
  journal={http://yann. lecun. com/exdb/mnist/},
  year={1998}
}

@inproceedings{tishby2015deep,
  title={Deep learning and the information bottleneck principle},
  author={Tishby, Naftali and Zaslavsky, Noga},
  booktitle={Information Theory Workshop (ITW), 2015 IEEE},
  pages={1--5},
  year={2015},
  organization={IEEE}
}

@article{liu2017towards,
  title={Towards better analysis of machine learning models: A visual analytics perspective},
  author={Liu, Shixia and Wang, Xiting and Liu, Mengchen and Zhu, Jun},
  journal={Visual Informatics},
  volume={1},
  number={1},
  pages={48--56},
  year={2017},
  publisher={Elsevier}
}